
@misc{opt_uci,
	title = {{UCI} {Machine} {Learning} {Repository}: {Optical} {Recognition} of {Handwritten} {Digits} {Data} {Set}},
	url = {https://archive.ics.uci.edu/ml/datasets/optical+recognition+of+handwritten+digits},
	urldate = {2020-05-03}
}

@misc{com_uci,
	title = {{UCI} {Machine} {Learning} {Repository}: {Communities} and {Crime} {Data} {Set}},
	url = {http://archive.ics.uci.edu/ml/datasets/Communities+and+Crime},
	urldate = {2020-05-03}
}